@MISC{Lezina_predictclosed,
    author = {C Galina E. Lezina and Artem M. Kuznetsov},
    title = {Predict Closed Questions on StackOverflow},
    year = {}
}

@article{DBLP:journals/corr/CorreaS13,
  author    = {Denzil Correa and
               Ashish Sureka},
  title     = {Fit or Unfit : Analysis and Prediction of 'Closed Questions' on Stack
               Overflow},
  journal   = {CoRR},
  volume    = {abs/1307.7291},
  year      = {2013},
  url       = {http://arxiv.org/abs/1307.7291},
  timestamp = {Thu, 15 Aug 2013 15:30:57 +0200},
  biburl    = {http://dblp.uni-trier.de/rec/bib/journals/corr/CorreaS13},
  bibsource = {dblp computer science bibliography, http://dblp.org}
}

@misc{vowpalwabbitwiki,
  title={Vowpal Wabbit wiki},
  author={John Langford},
  url={https://github.com/JohnLangford/vowpal_wabbit/wiki},
  publisher={Google Patents},
  note={}
}

@INPROCEEDINGS{5695459, 
author={Fu Chang and Chien-Yang Guo and Xiao-Rong Lin and Chan-Cheng Liu and Chi-Jen Lu}, 
booktitle={Technologies and Applications of Artificial Intelligence (TAAI), 2010 International Conference on}, 
title={Tree Decomposition for Large-Scale SVM Problems}, 
year={2010}, 
month={Nov}, 
pages={233-240}, 
keywords={decision trees;pattern classification;support vector machines;SVM training;data point classification;data sets;decision tree;kernel-based training technique;nonlinear training technique;tree decomposition;CART;CBD;DTSVM;LASVM;LIBLINEAR;LIBSVM;RDSVM;bagging;large-scale SVM;tree decomposition}, 
doi={10.1109/TAAI.2010.47},}


@misc{stackdataset,
  title={Kaggle Stackoverflow dataset},
  author={Kaggle},
  url={https://www.kaggle.com/c/predict-closed-questions-on-stack-overflow/data?test.csv},
  year={2010},
  month=aug # "~23",
  publisher={},
  note={Notes}
}

@misc{stackschema,
  title={Kaggle Stackoverflow dataset schema},
  author={Kaggle},
  url={http://data.stackexchange.com/stackoverflow/query/edit/310873},
  year={2010},
  month=aug # "~23",
  publisher={},
  note={Notes}
}

@misc{rfwiki,
  title={Random Forest},
  author={Wikipedia},
  url={http://en.wikipedia.org/wiki/Random_forest#From_bagging_to_random_forests},
  year={2010},
  month=aug # "~23",
  publisher={},
  note={Notes}
}



